<record><leader>00000cas a2200000 a 4500</leader><controlfield tag="001">15153136</controlfield><controlfield tag="008">870205c19289999kyudn ne      0   a0eng d</controlfield><controlfield tag="009">5569</controlfield><datafield ind1=" " ind2=" " tag="010"><subfield code="a">sn 87060051 </subfield></datafield><datafield ind1=" " ind2=" " tag="040"><subfield code="a">KNP</subfield><subfield code="b">eng</subfield><subfield code="c">KNP</subfield><subfield code="d">NSD</subfield><subfield code="d">OCL</subfield><subfield code="d">KNP</subfield><subfield code="d">OCL</subfield><subfield code="d">OCLCQ</subfield><subfield code="d">KYUBL</subfield><subfield code="d">OCLCQ</subfield><subfield code="d">OCLCO</subfield><subfield code="d">OCLCF</subfield></datafield><datafield ind1=" " ind2=" " tag="012"><subfield code="m">1</subfield></datafield><datafield ind1=" " ind2=" " tag="019"><subfield code="a">9997747</subfield></datafield><datafield ind1="1" ind2=" " tag="022"><subfield code="a">1041-7109</subfield><subfield code="l">1041-7109</subfield><subfield code="2">1</subfield></datafield><datafield ind1="1" ind2=" " tag="029"><subfield code="a">AU@</subfield><subfield code="b">000020459028</subfield></datafield><datafield ind1=" " ind2=" " tag="032"><subfield code="a">235500</subfield><subfield code="b">USPS</subfield></datafield><datafield ind1=" " ind2=" " tag="037"><subfield code="b">The Harlan Daily Enterprise, P.O. Drawer E, Harlan, KY 40831</subfield></datafield><datafield ind1=" " ind2=" " tag="042"><subfield code="a">msc</subfield><subfield code="a">nsdp</subfield></datafield><datafield ind1=" " ind2=" " tag="043"><subfield code="a">n-us-ky</subfield></datafield><datafield ind1=" " ind2="4" tag="222"><subfield code="a">The Harlan daily enterprise</subfield></datafield><datafield ind1="0" ind2="4" tag="245"><subfield code="a">The Harlan daily enterprise.</subfield></datafield><datafield ind1=" " ind2=" " tag="260"><subfield code="a">Harlan, Ky. :</subfield><subfield code="b">J.M. Alverson</subfield></datafield><datafield ind1=" " ind2=" " tag="300"><subfield code="a">v. :</subfield><subfield code="b">ill.</subfield></datafield><datafield ind1=" " ind2=" " tag="310"><subfield code="a">Daily (except Sun., Mon., and Christmas),</subfield><subfield code="b">&lt;Wednesday, Nov. 2, 1988-&gt;</subfield></datafield><datafield ind1=" " ind2=" " tag="321"><subfield code="a">Daily (except Mon.),</subfield><subfield code="b">19 -</subfield></datafield><datafield ind1=" " ind2=" " tag="500"><subfield code="a">Issues for &lt;Wednesday, Nov. 2, 1988-&gt; published by: The Harland Daily Enterprise.</subfield></datafield><datafield ind1=" " ind2=" " tag="588"><subfield code="a">Description based on: Vol. 1, no. 4 (Aug. 7, 1928).</subfield></datafield><datafield ind1=" " ind2=" " tag="588"><subfield code="a">Latest issue consulted: 87th year, no. 261 (Wednesday, Nov. 2, 1988).</subfield></datafield><datafield ind1=" " ind2="0" tag="651"><subfield code="a">Harlan (Ky.)</subfield><subfield code="v">Newspapers.</subfield></datafield><datafield ind1=" " ind2="0" tag="651"><subfield code="a">Harlan County (Ky.)</subfield><subfield code="v">Newspapers.</subfield></datafield><datafield ind1=" " ind2="7" tag="655"><subfield code="a">Newspapers.</subfield><subfield code="2">fast</subfield><subfield code="0">(OCoLC)fst01423814</subfield></datafield><datafield ind1=" " ind2="7" tag="651"><subfield code="a">Kentucky</subfield><subfield code="z">Harlan.</subfield><subfield code="2">fast</subfield><subfield code="0">(OCoLC)fst01226285</subfield></datafield><datafield ind1=" " ind2="7" tag="651"><subfield code="a">Kentucky</subfield><subfield code="z">Harlan County.</subfield><subfield code="2">fast</subfield><subfield code="0">(OCoLC)fst01221432</subfield></datafield><datafield ind1=" " ind2=" " tag="752"><subfield code="a">United States</subfield><subfield code="b">Kentucky</subfield><subfield code="c">Harlan</subfield><subfield code="d">Harlan.</subfield></datafield><datafield ind1="0" ind2="0" tag="780"><subfield code="t">Harlan enterprise (Harlan, Ky.)</subfield><subfield code="w">(DLC)sn 87060050</subfield></datafield></record>